@book{emc2015data,
  title={Data Science and Big Data Analytics: Discovering, Analyzing, Visualizing and Presenting Data},
  author={{EMC Education Services}},
  year={2015},
  publisher={John Wiley \& Sons}
}
@online{pandas,
  title={Pandas documentation},
  author={{Pandas Development Team}},
  year={n.d.},
  url={https://pandas.pydata.org/docs/},
  note={Accessed: 2024-09-15}
}

@online{scikit-learn,
  title={Scikit-learn documentation},
  author={{Scikit-learn Development Team}},
  year={n.d.},
  url={https://scikit-learn.org/stable/documentation.html},
  note={Accessed: 2024-09-15}
}

@online{seaborn,
  title={Seaborn: Statistical Data Visualization},
  author={{Seaborn Development Team}},
  year={n.d.},
  url={https://seaborn.pydata.org/},
  note={Accessed: 2024-09-15}
}

@online{matplotlib,
  title={Matplotlib: Visualization with Python},
  author={{Matplotlib Development Team}},
  year={n.d.},
  url={https://matplotlib.org/},
  note={Accessed: 2024-09-15}
}

@online{numpy,
  title={NumPy documentation},
  author={{NumPy Development Team}},
  year={n.d.},
  url={https://numpy.org/doc/},
  note={Accessed: 2024-09-15}
}




@inproceedings{guo2003knn,
  author={Guo, Guoxing and Wang, Hui and Bell, David and Bi, Yaxin and Greer, Kevin},
  title={KNN model-based approach in classification},
  booktitle={On The Move to Meaningful Internet Systems 2003: CoopIS, DOA, and ODBASE: OTM Confederated International Conferences, CoopIS, DOA, and ODBASE 2003, Catania, Sicily, Italy, November 3-7, 2003. Proceedings},
  pages={986--996},
  year={2003},
  publisher={Springer Berlin Heidelberg}
}

@article{sushma2021comparative,
  author={Sushma, S.A. and TG, K.K.},
  title={Comparative Study of Naive Bayes, Gaussian Naive Bayes Classifier and Decision Tree Algorithms for Prediction of Heart Diseases},
  journal={International Journal for Research in Applied Science and Engineering Technology},
  volume={9},
  number={3},
  pages={475--486},
  year={2021}
}


@book{runkler2020data,
  title={Data analytics},
  author={Runkler, Thomas A},
  year={2020},
  publisher={Springer}
}

@article{nadkarni2011natural,
  title={Natural language processing: an introduction},
  author={Nadkarni, Prakash M and Ohno-Machado, Lucila and Chapman, Wendy W},
  journal={Journal of the American Medical Informatics Association},
  volume={18},
  number={5},
  pages={544--551},
  year={2011},
  publisher={BMJ Group BMA House, Tavistock Square, London, WC1H 9JR}
}

@article{garcia2016big,
  title={Big data preprocessing: methods and prospects},
  author={Garc{\'\i}a, Salvador and Ram{\'\i}rez-Gallego, Sergio and Luengo, Juli{\'a}n and Ben{\'\i}tez, Jos{\'e} Manuel and Herrera, Francisco},
  journal={Big data analytics},
  volume={1},
  pages={1--22},
  year={2016},
  publisher={Springer}
}

@article{shah2020comparative,
  title={A comparative analysis of logistic regression, random forest and KNN models for the text classification},
  author={Shah, Kanish and Patel, Henil and Sanghvi, Devanshi and Shah, Manan},
  journal={Augmented Human Research},
  volume={5},
  number={1},
  pages={12},
  year={2020},
  publisher={Springer}
}



@book{telea2014data,
  title={Data visualization: principles and practice},
  author={Telea, Alexandru C},
  year={2014},
  publisher={cRC Press}
}

@book{zhang2002association,
  title={Association rule mining: models and algorithms},
  author={Zhang, Chengqi and Zhang, Shichao},
  year={2002},
  publisher={Springer}
}

@inproceedings{mitra2017neural,
  title={Neural text embeddings for information retrieval},
  author={Mitra, Bhaskar and Craswell, Nick},
  booktitle={Proceedings of the Tenth ACM International Conference on Web Search and Data Mining},
  pages={813--814},
  year={2017}
}

@book{menard2002applied,
  title={Applied logistic regression analysis},
  author={Menard, Scott},
  volume={106},
  year={2002},
  publisher={Sage}
}

@article{ganganwar2012overview,
  title={An overview of classification algorithms for imbalanced datasets},
  author={Ganganwar, Vaishali},
  journal={International Journal of Emerging Technology and Advanced Engineering},
  volume={2},
  number={4},
  pages={42--47},
  year={2012}
}

@inproceedings{davis2006relationship,
  title={The relationship between Precision-Recall and ROC curves},
  author={Davis, Jesse and Goadrich, Mark},
  booktitle={Proceedings of the 23rd international conference on Machine learning},
  pages={233--240},
  year={2006}
}